@misc {d-hb,
	author = "SpectralTime",
	title = "Doppelganger (5e Race)",
	year = "2017",
	url = {https://www.dandwiki.com/wiki/Doppelganger_(5e_Race)}
}

@misc {d-monster,
	author = "Wizards RPG Team",
	title = "Doppelganger",
	year = "2014",
	url = {http://forgottenrealms.wikia.com/wiki/Doppelganger}
}

@misc {d-destiny,
	author = "Wizards RPG Team",
	title = "Races of Destiny",
	year = "2004",
	url = {http://faerunian.wikia.com/wiki/Doppelganger}
}

@misc {d-sre,
	author = "Wizards RPG Team",
	tile = "5e SRD:Doppelganger",
	year = "2014",
	url = {https://www.dandwiki.com/wiki/5e_SRD:Doppelganger}
}

@misc {tadpole,
	author = "filbypott",
	title = "Slaad, Tadpole",
	year = "2012",
	url = {http://thecreaturechronicle.tumblr.com/post/37255311032/slaad-tadpole}
}

@misc {slaad-patron,
	author = "fattybear",
	title = "New Warlock Pact: Slaad",
	year = "2015",
	url = {http://www.giantitp.com/forums/showthread.php?408381-New-Warlock-Pact-Slaad}
}

@misc {uea-2017-04,
	author = "Wizards RPG Team",
	title = "Unearthed Arcana 17 April 2017",
	year = "2017",
	url = {http://engl393-dnd5th.wikia.com/wiki/Feats#Menacing}
}
